@book{Edwards1979,
    author="Edwards, C. H.",
    title="The Calculus According to Newton",
    bookTitle="The Historical Development of the Calculus",
    year="1979",
    publisher="Springer New York",
    pages="189-230",
    doi="10.1007/978-1-4612-6230-5_8",
}

@article{Newton1701,
    author="Newton, Isaac",
    title="Scala graduum caloris: calorum descriptiones \& signa",
    journal="Philosophical Transactions of the Royal Society",
    volume="22",
    month="04",
    year="1701", 
    pages="824-829"
}

@book{Newton1687,
  title="Philosophiae naturalis principia mathematica",
  author="Newton, Isaac",
  year="1687",
  publisher="Jussu Societatis Regiae ac Typis Josephi Streater. Prostat Venales apud Sam. Smith ad insigna Principis Walliae in Coemiterio D. Pauli, aliosq, nonnullos Bibliopolas"
}

@article{Verhulst1838,
	author = "Verhulst, Pierre François",
	date = "1838",
	doi = "10.1007/BF02309004",
	journal = "Correspondance mathematique et physique",
	pages = "183-192",
	title = "Notice sur la loi que la populations suit dans son accroissement",
	volume = "10"
}

@book{Cauchy1840,
	author = {Cauchy, Augustin Louis},
	publisher = {Bachelier},
	title = {Leçons de calcul différentiel et de calcul intégral},
	year = {1840},
}

@article{Numpy2020,
    title = {Array programming with {NumPy}},
    author = {Charles R. Harris and K. Jarrod Millman and St{\'{e}}fan J.
                     van der Walt and Ralf Gommers and Pauli Virtanen and David
                     Cournapeau and Eric Wieser and Julian Taylor and Sebastian
                     Berg and Nathaniel J. Smith and Robert Kern and Matti Picus
                     and Stephan Hoyer and Marten H. van Kerkwijk and Matthew
                     Brett and Allan Haldane and Jaime Fern{\'{a}}ndez del
                     R{\'{i}}o and Mark Wiebe and Pearu Peterson and Pierre
                     G{\'{e}}rard-Marchant and Kevin Sheppard and Tyler Reddy and
                     Warren Weckesser and Hameer Abbasi and Christoph Gohlke and
                     Travis E. Oliphant},
    year = {2020},
    journal = {Nature},
    volume = {585}, 
    pages = {357--362},
    doi = {10.1038/s41586-020-2649-2},
    publisher = {Springer Science and Business Media {LLC}}
}

@article{Matplotlib2007,
  Author    = {Hunter, J. D.},
  Title     = {Matplotlib: A 2D graphics environment},
  Journal   = {Computing in Science \& Engineering},
  Volume    = {9},
  Pages     = {90--95},
  publisher = {IEEE COMPUTER SOC},
  doi       = {10.1109/MCSE.2007.55},
  year      = 2007
}

@article{Scipy2020,
  author  = {Virtanen, Pauli and Gommers, Ralf and Oliphant, Travis E. and
            Haberland, Matt and Reddy, Tyler and Cournapeau, David and
            Burovski, Evgeni and Peterson, Pearu and Weckesser, Warren and
            Bright, Jonathan and {van der Walt}, St{\'e}fan J. and
            Brett, Matthew and Wilson, Joshua and Millman, K. Jarrod and
            Mayorov, Nikolay and Nelson, Andrew R. J. and Jones, Eric and
            Kern, Robert and Larson, Eric and Carey, C J and
            Polat, {\.I}lhan and Feng, Yu and Moore, Eric W. and
            {VanderPlas}, Jake and Laxalde, Denis and Perktold, Josef and
            Cimrman, Robert and Henriksen, Ian and Quintero, E. A. and
            Harris, Charles R. and Archibald, Anne M. and
            Ribeiro, Ant{\^o}nio H. and Pedregosa, Fabian and
            {van Mulbregt}, Paul and {SciPy 1.0 Contributors}},
  title   = {{{SciPy} 1.0: Fundamental Algorithms for Scientific
            Computing in Python}},
  journal = {Nature Methods},
  year    = {2020},
  volume  = {17},
  pages   = {261--272},
  doi     = {10.1038/s41592-019-0686-2},
}

@article{Sympy2017,
     title = {SymPy: symbolic computing in Python},
     author = {Meurer, Aaron and Smith, Christopher P. and Paprocki, Mateusz and \v{C}ert\'{i}k, Ond\v{r}ej and Kirpichev, Sergey B. and Rocklin, Matthew and Kumar, AMiT and Ivanov, Sergiu and Moore, Jason K. and Singh, Sartaj and Rathnayake, Thilina and Vig, Sean and Granger, Brian E. and Muller, Richard P. and Bonazzi, Francesco and Gupta, Harsh and Vats, Shivam and Johansson, Fredrik and Pedregosa, Fabian and Curry, Matthew J. and Terrel, Andy R. and Rou\v{c}ka, \v{S}t\v{e}p\'{a}n and Saboo, Ashutosh and Fernando, Isuru and Kulal, Sumith and Cimrman, Robert and Scopatz, Anthony},
     year = 2017,
     month = jan,
     keywords = {Python, Computer algebra system, Symbolics},
     volume = 3,
     pages = {e103},
     journal = {PeerJ Computer Science},
     issn = {2376-5992},
     url = {https://doi.org/10.7717/peerj-cs.103},
     doi = {10.7717/peerj-cs.103}
    }

@manual{Simpy2023,
  title = {SimPy Documentation},
  author = {{SimPy Development Team}},
  year = {2023},
  url = {https://simpy.readthedocs.io},
  note = {Accessed: 2024-11-04}
}

@book{mathf117,
    author = "Fiorini, Samuel",
    title = "Mathématiques: Support de Cours",
    publisher = "Presses Universitaires de Bruxelles",
    year = "2024"
}

@book{Bangerezako2006,
    author = "Bangerezako, Gaspard ",
    title = "Équations Diférentielles",
    publisher = "Université du Burundi",
    year = "2006"
}

@book{infof305,
    author = "Bontempi, Gianluca",
    title = "Modélisation et Simulation",
    publisher = "Presses Universitaires de Bruxelles",
    year = "2022"
}